@inproceedings{catalano2011pore,
  title={A pore-scale hydro-mechanical coupled model for geomaterials},
  author={Catalano, E and Chareyre, B and Cortis, A and Barth{\'e}l{\'e}my, E},
  booktitle={Particles 2011 II International Conference on Particle-Based Methods},
  year={2011}
}

@article{galindo2013micro,
  title={A micro-mechanical approach for the study of contact erosion},
  author={Galindo-Torres, SA and Scheuermann, A and M{\"u}hlhaus, HB and Williams, DJ},
  journal={Acta Geotechnica},
  volume={10},
  number={3},
  pages={357--368},
  year={2013},
  publisher={Springer}
}

@article{lomine2013modeling,
  title={Modeling of fluid--solid interaction in granular media with coupled lattice Boltzmann/discrete element methods: application to piping erosion},
  author={Lomin{\'e}, Franck and Scholt{\`e}s, Luc and Sibille, Luc and Poullain, Philippe},
  journal={International Journal for Numerical and Analytical Methods in Geomechanics},
  volume={37},
  number={6},
  pages={577--596},
  year={2013},
  publisher={Wiley Online Library}
}

@article{vsmilauer2010yade,
  title={Yade dem formulation},
  author={{\v{S}}milauer, V{\'a}clav and Chareyre, Bruno},
  journal={Yade Documentation},
  year={2010},
  publisher={http://yade-dem. org/doc/formulation. html}
}

@article{vsmilauer2006splendors,
  title={The splendors and miseries of yade design},
  author={{\v{S}}milauer, V{\'a}clav},
  journal={Annual Report of Discrete Element Group for Hazard Mitigation},
  year={2006}
}

@article{catalano2014pore,
  title={Pore-scale modeling of fluid-particles interaction and emerging poromechanical effects},
  author={Catalano, Emanuele and Chareyre, Bruno and Barth{\'e}lemy, Eric},
  journal={International Journal for Numerical and Analytical Methods in Geomechanics},
  volume={38},
  number={1},
  pages={51--71},
  year={2014},
  publisher={Wiley Online Library}
}

@article{chareyre2012pore,
  title={Pore-scale modeling of viscous flow and induced forces in dense sphere packings},
  author={Chareyre, Bruno and Cortis, Andrea and Catalano, Emanuele and Barth{\'e}lemy, Eric},
  journal={Transport in porous media},
  volume={94},
  number={2},
  pages={595--615},
  year={2012},
  publisher={Springer}
}

@article{voivret2009multiscale,
  title={Multiscale force networks in highly polydisperse granular media},
  author={Voivret, Charles and Radjai, Farhang and Delenne, J-Y and El Youssoufi, Moulay Sa{\"\i}d},
  journal={Physical review letters},
  volume={102},
  number={17},
  pages={178001},
  year={2009},
  publisher={APS}
}

@inproceedings{catalano2013pfv,
  title={DEM-PFV analysis of solid-fluid transition in granular sediments under the action of waves},
  author={Catalano, E and Chareyre, B and Barth{\'e}l{\'e}my, E},
  booktitle={POWDERS AND GRAINS 2013: Proceedings of the 7th International Conference on Micromechanics of Granular Media},
  volume={1542},
  number={1},
  pages={1063--1066},
  year={2013},
  organization={AIP Publishing}
}

@article{radjai1996force,
  title={Force distributions in dense two-dimensional granular systems},
  author={Radjai, Farhang and Jean, Michel and Moreau, Jean-Jacques and Roux, St{\'e}phane},
  journal={Physical review letters},
  volume={77},
  number={2},
  pages={274},
  year={1996},
  publisher={APS}
}

@article{thornton1997force,
  title={Force transmission in granular media},
  author={Thornton, Colin},
  journal={Kona Powder and Particle Journal},
  volume={15},
  number={0},
  pages={81--90},
  year={1997},
  publisher={Hosokawa Powder Technology Foundation}
}

@article{chen2011coupled,
  title={Coupled discrete element and finite volume solution of two classical soil mechanics problems},
  author={Chen, Feng and Drumm, Eric C and Guiochon, Georges},
  journal={Computers and Geotechnics},
  volume={38},
  number={5},
  pages={638--647},
  year={2011},
  publisher={Elsevier}
}

@article{tosequential,
  title={Sequential sphere packing by trilateration equations},
  author={To, HD and Galindo-Torres, SA and Scheuermann, A}
}

@article{devlin2015hydrogeosievexl,
  title={HydrogeoSieveXL: an Excel-based tool to estimate hydraulic conductivity from grain-size analysis},
  author={Devlin, JF},
  journal={Hydrogeology Journal},
  volume={23},
  number={4},
  pages={837--844},
  year={2015},
  publisher={Springer}
}

@article{shepherd1989correlations,
  title={Correlations of permeability and grain size},
  author={Shepherd, Russell G},
  journal={Groundwater},
  volume={27},
  number={5},
  pages={633--638},
  year={1989},
  publisher={Wiley Online Library}
}

@article{plassiard2009spherical,
  title={A spherical discrete element model: calibration procedure and incremental response},
  author={Plassiard, Jean-Patrick and Belheine, Noura and Donz{\'e}, Fr{\'e}d{\'e}ric-Victor},
  journal={Granular Matter},
  volume={11},
  number={5},
  pages={293--306},
  year={2009},
  publisher={Springer}
}
@book{succi2001lattice,
  title={The lattice Boltzmann equation: for fluid dynamics and beyond},
  author={Succi, Sauro},
  year={2001},
  publisher={Oxford university press}
}

@article{to2015primary,
  title={Primary fabric fraction analysis of granular soils},
  author={To, Huu Duc and Torres, Sergio Andres Galindo and Scheuermann, Alexander},
  journal={Acta Geotechnica},
  volume={10},
  number={3},
  pages={375--387},
  year={2015},
  publisher={Springer}
}


@article{han2007coupled,
  title={Coupled lattice Boltzmann and discrete element modelling of fluid--particle interaction problems},
  author={Han, K and Feng, YT and Owen, DRJ},
  journal={Computers \& structures},
  volume={85},
  number={11},
  pages={1080--1088},
  year={2007},
  publisher={Elsevier}
}

@article{moffat2014hydromechanical,
  title={Hydromechanical model for internal erosion and its relationship with the stress transmitted by the finer soil fraction},
  author={Moffat, Ricardo and Herrera, Paulo},
  journal={Acta Geotechnica},
  pages={1--8},
  publisher={Springer}
}

@article{kenney1985internal,
  title={Internal stability of granular filters},
  author={Kenney, TC and Lau, D},
  journal={Canadian geotechnical journal},
  volume={22},
  number={2},
  pages={215--225},
  year={1985},
  publisher={NRC Research Press}
}

@article{kenney1986internal,
  title={Internal stability of granular filters: Reply},
  author={Kenney, TC and Lau, D},
  journal={Canadian Geotechnical Journal},
  volume={23},
  number={3},
  pages={420--423},
  year={1986},
  publisher={NRC Research Press}
}

@article{skempton1994experiments,
  title={Experiments on piping in sandy gravels},
  author={Skempton, AW and Brogan, JM},
  journal={Geotechnique},
  volume={44},
  number={3},
  pages={449--460},
  year={1994},
  publisher={Thomas Telford Ltd}
}

